@Misc{historia_ciber,
  author       = {Nivel4 Labs - Blog de Ciberseguridad},
  howpublished = {\url{https://blog.nivel4.com/noticias/la-ciberseguridad-su-origen-y-la-trayectoria-que-ha-tenido-hasta-nuestros-dias}},
  title        = {La ciberseguridad, su origen y la trayectoria que ha tenido hasta nuestros días},
}

@Misc{guerra_ciber,
  author       = {Derek Manky},
  howpublished = {\url{https://www.interempresas.net/Ciberseguridad/Articulos/368258-La-guerra-contra-la-ciberdelincuencia-y-el-ransomware-estamos-preparados.html}},
  month        = oct,
  title        = {La guerra contra la ciberdelincuencia y el ransomware: ¿estamos preparados?},
  year         = {2021},
}

@Misc{phishing,
  author       = {Luis Ascoy},
  howpublished = {\url{https://click-it.es/ingenieria-social-phishing-smishing-y-vishing/}},
  month        = jul,
  title        = {Ingeniería social: phishing, smishing y vishing},
  year         = {2021},
}

@Misc{cadena-suministro,
  author       = {Microsoft},
  howpublished = {\url{https://docs.microsoft.com/es-es/microsoft-365/security/intelligence/supply-chain-malware?view=o365-worldwide}},
  month        = apr,
  title        = {Ataques de cadena de suministro},
  year         = {2022},
}

@Misc{malware-imagen,
  author       = {Redes Zone},
  howpublished = {\ul{https://www.redeszone.net/noticias/seguridad/ocultan-ciberdelincuentes-malware-metadatos-imagenes/}},
  title        = {Así ocultan los ciberdelincuentes el malware en los metadatos de fotos},
}

@Misc{esteganografia-digital,
  author       = {Ciberseguridad},
  howpublished = {\url{https://ciberseguridad.com/guias/esteganografia/}},
  title        = {Esteganografía, el antiguo arte de ocultar mensajes},
}

@Misc{demarato,
  author       = {José Luis Tábara Carbajo},
  howpublished = {\url{https://joseluistabaracarbajo.gitbooks.io/criptografia-clasica/content/Cripto02.html}},
  title        = {Herodoto | Criptografía Clásica},
}

@Misc{cera-micropuntos,
  author       = {Cristina Sánchez},
  howpublished = {\url{https://www.eldiario.es/hojaderouter/seguridad/esteganografia-historia-tinta-invisible-mensajes-ocultos_1_3836990.html}},
  month        = sep,
  title        = {De un esclavo calvo a la tinta de semen: breve historia de los mensajes ocultos},
  year         = {2016},
}

@Misc{saumil-shah,
  author       = {44Con},
  howpublished = {\url{https://44con.com/previous-speakers/saumil-shah/}},
  title        = {Saumil Shah},
}

@Misc{pixel,
  author       = {IONOS},
  howpublished = {\url{https://www.ionos.es/digitalguide/paginas-web/diseno-web/que-es-un-pixel/}},
  month        = jun,
  title        = {¿Qué es un píxel?},
  year         = {2021},
}

@Misc{alpha-channel,
  author       = {Techopedia},
  howpublished = {\url{https://www.techopedia.com/definition/1945/alpha-channel}},
  month        = jul,
  title        = {Alpha Channel},
  year         = {2012},
}

@Misc{coco,
  author       = {Tsung-Yi Lin and Genevieve Patterson and Matteo R. Ronchi and Yin Cui and Michael Maire and Serge Belongie and Lubomir Bourdev and Ross Girshick and James Hays and Pietro Perona and Deva Ramanan and Larry Zitnick and Piotr Dollár},
  howpublished = {\url{https://cocodataset.org/}},
  title        = {COCO Common Objects In Context},
}

@Misc{canvas,
  author       = {MDN},
  howpublished = {\url{https://developer.mozilla.org/es/docs/Web/HTML/Element/canvas}},
  title        = {canvas},
}

@Misc{fastai,
  author       = {fastai},
  howpublished = {\url{https://docs.fast.ai/}},
  title        = {Welcome to fastai},
}

@Misc{pystegosploit,
  author       = {Wei Zhang},
  howpublished = {\url{https://github.com/Charmve/PyStegosploit}},
  month        = nov,
  title        = {PyStegosploit},
  year         = {2021},
}

@Misc{getimagedata,
  author       = {StackOverflow},
  howpublished = {\url{https://stackoverflow.com/questions/19869150/getimagedata-cross-origin-error}},
  month        = apr,
  title        = {getImageData cross-origin error},
  year         = {2014},
}

@Misc{CORS,
  author       = {MDN},
  howpublished = {\url{https://developer.mozilla.org/es/docs/Web/HTTP/CORS}},
  title        = {Control de acceso HTTP (CORS)},
}

@Misc{cross-origin-anonymous,
  author       = {MDN},
  howpublished = {\url{https://developer.mozilla.org/es/docs/Web/HTML/Attributes/crossorigin}},
  title        = {Atributos de configuración CORS},
}

@Misc{access-control-allow-origin,
  author       = {MDN},
  howpublished = {\url{https://developer.mozilla.org/es/docs/Web/HTTP/Headers/Access-Control-Allow-Origin}},
  title        = {Access-Control-Allow-Origin},
}

@Misc{server-http,
  author       = {razor-x},
  howpublished = {\url{https://gist.github.com/razor-x/9542707}},
  title        = {Python http.server that sets Access-Control-Allow-Origin header},
}

@Misc{CVE-2014-0282,
  author       = {Exploit-Database},
  howpublished = {\url{https://www.exploit-db.com/exploits/33860}},
  month        = jun,
  title        = {Microsoft Internet Explorer 8/9/10 - 'CInput' Use-After-Free Crash (PoC) (MS14-035)},
  year         = {2014},
}

@Misc{gpu_cpu,
  author       = {Machine Learning para todos},
  howpublished = {\url{https://machinelearningparatodos.com/comparando-cpus-y-gpus-para-inteligencia-artificial/}},
  month        = sep,
  title        = {Comparando CPUs y GPUs para inteligencia artificial},
  year         = {2019},
}

@Misc{google-colab,
  author       = {Google},
  howpublished = {\url{https://colab.research.google.com/?hl=es}},
  title        = {Te damos la bienvenida a Colab},
}

@Misc{fastbook-1,
  author       = {Python Package Index (PyPI)},
  howpublished = {\url{https://pypi.org/project/fastbook/}},
  title        = {fastbook.0.0.28},
  year         = {2020},
}

@Misc{fastbook-2,
  author       = {StackOverflow},
  howpublished = {\url{https://stackoverflow.com/questions/67615589/fastai-fastbook-what-does-it-do-and-why-do-i-need-to-setup-a-book}},
  month        = may,
  title        = {FastAI fastbook - what does it do and why do i need to setup a book?},
  year         = {2021},
}

@Misc{pytorch,
  author       = {PyTorch},
  howpublished = {\url{https://pytorch.org/}},
  title        = {From Research To Production},
}

@Misc{cuda-empty-cache,
  author       = {PyTorch},
  howpublished = {\url{https://pytorch.org/docs/stable/generated/torch.cuda.empty_cache.html}},
  title        = {torch.cuda.empty_cache()},
}

@Comment{jabref-meta: databaseType:bibtex;}
